@book{kudrass01,
  AUTHOR       = {Kudraß, Thomas},
  TITLE        = {Taschenbuc Datenbanken},
  PUBLISHER    = {Fachbuchverlag Leipzig im Carl Hanser Verlag},
  YEAR         = {2015},
}
@book{redmont01,
  AUTHOR       = {Redmond, Eric},
  TITLE        = {Sieben Wochen, sieben Datenbanken},
  PUBLISHER    = {O'Reilly Verlag},
  YEAR         = {2012},
}
@book{froehlich01,
    author = {Lutz Fröhlich},
    title = {PostreSQL},
    publisher = {Carl Hanser Verlag München},
    year = {2018},
}
@book{eisentraut01,
    author = {Peter Eisentraut},
    title = {PostgreSQL Das Offizielle Handbuch},
    publisher = {mitp-Verlag GmbH/Bonn},
    year = {2003},
}
@online{grucia17,
	author = {Jelena Grucia},
	title = {PostgreSQL and GraphQL},
	date = {17.12.2017},
	url = {https://blog.cloudboost.io/postgresql-and-graphql-2da30c6cde26},
	urldate = {28.10.2017},
}
