@book{kudrass01,
  AUTHOR       = {Kudraß, Thomas},
  TITLE        = {Taschenbuc Datenbanken},
  PUBLISHER    = {Fachbuchverlag Leipzig im Carl Hanser Verlag},
  YEAR         = {2015},
}
@book{redmont01,
  AUTHOR       = {Redmond, Eric},
  TITLE        = {Sieben Wochen, sieben Datenbanken},
  PUBLISHER    = {O'Reilly Verlag},
  YEAR         = {2012},
}
@book{froehlich01,
    author = {Lutz Froehlich},
    title = {PostgreSQL 10},
    publisher = {Carl Hanser Verlag München},
    year = {2018},
}
@book{eisentraut01,
    author = {Peter Eisentraut},
    title = {PostgreSQL Das Offizielle Handbuch},
    publisher = {mitp-Verlag GmbH/Bonn},
    year = {2003},
}
@online{grucia17,
	author = {Jelena Grucia},
	title = {PostgreSQL and GraphQL},
	date = {17.12.2017},
	url = {https://blog.cloudboost.io/postgresql-and-graphql-2da30c6cde26},
	year = {2017},
	urldate = {28.10.2018},
}
@inproceedings{angles2013benchmarking,
    title={Benchmarking database systems for social network applications},
    author={Angles, Renzo and Prat-P{\'e}rez, Arnau and Dominguez-Sal, David and Larriba-Pey, Josep-Lluis},
    booktitle={First International Workshop on Graph Data Management Experiences and Systems},
    pages={15},
    year={2013},
    organization={ACM}
}
@inproceedings{angles2012comparison,
    title={A comparison of current graph database models},
    author={Angles, Renzo},
    booktitle={Data Engineering Workshops (ICDEW), 2012 IEEE 28th International Conference on},
    pages={171--177},
    year={2012},
    organization={IEEE}
}
@inproceedings{kucuk2016pg,
    title={Pg-Trajectory: A PostgreSQL/PostGIS based data model for spatiotemporal trajectories},
    author={Kucuk, Ahmet and Hamdi, Shah Muhammad and Aydin, Berkay and Schuh, Michael A and Angryk, Rafal A},
    booktitle={2016 IEEE International Conferences on Big Data and Cloud Computing (BDCloud), Social Computing and Networking (SocialCom), Sustainable Computing and Communications (SustainCom)(BDCloud-SocialCom-SustainCom)},
    pages={81--88},
    year={2016},
    organization={IEEE}
}

@BOOK{rahm2017,
	AUTHOR = {Rahman, Saidur},
	YEAR = {2017},
	TITLE = {Basic Graph Theory},
	EDITION = {},
	ISBN = {978-3-319-49475-3},
	PUBLISHER = {Springer},
	ADDRESS = {Berlin, Heidelberg},
}

@online{sasaki18,
	author = {Bryce Merkl Sasaki},
	title = {Graph Databases for Beginners: The Basics of Data Modeling},
	date = {24.07.2018},
	year = {2018},
	url = {https://neo4j.com/blog/data-modeling-basics/},
	urldate = {28.10.2018}
}
@book{33444,
	author = {Aho, Alfred V. and Ullman, Jeffrey D.},
	title = {Foundations of computer science},
	publisher = {Computer Science Press},
	year = {1995},
	url = {http://infolab.stanford.edu/~ullman/focs.html},
	address = {USA}
}
@online{pbeck01,
    author={Peter Becker},
    title={Graphentheorie},
    date={11.10.2018},
    year={2018},
    url={http://www2.inf.h-brs.de/~pbecke2m/graphentheorie/einfuehrung.pdf},
    urldate={13.11.2018}
}
@book{zhang2018hypergraph,
    title={Hypergraph Theory in Wireless Communication Networks},
    author={Zhang, Hongliang and Song, Lingyang and Han, Zhu and Zhang, Yingjun},
    year={2018},
    publisher={Springer}
}
@online{postgresqldoc,
    title = {PostgreSQL 11.1 Documentation},
    author = {The PostgreSQL Global Development Group},
    url = {https://www.postgresql.org/files/documentation/pdf/11/postgresql-11-A4.pdf}
}
@online{postgres8,
    title = {PostgreSQL 8.4 Documentation},
    author = {The PostgreSQL Global Development Group},
    url = {https://www.postgresql.org/docs/8.4/datatype.html}
}
@online{postgreswithrecursive,
    title = {PostgreSQL 11.1 Documentation},
    author = {The PostgreSQL Global Development Group},
    url = {https://www.postgresql.org/docs/11/queries-with.html}
}
@Inbook{Theobald2016,
    author={Thorsten Theobald, Sadik Iliman},
    title={Graphen},
    bookTitle={Einf{\"u}hrung in die computerorientierte Mathematik mit Sage},
    year={2016},
    publisher={Springer Fachmedien Wiesbaden},
}
@online{postgres2018,
	title={PostgreSQL 11.1 Documentation},
	author={{PostgreSQL Global Development Group}},
	year={2018},
	url={https://www.postgresql.org/docs/11}
}
@book{felsner2012geometric,
    title={Geometric graphs and arrangements: some chapters from combinatorial geometry},
    author={Felsner, Stefan},
    year={2003},
    publisher={Springer Science \& Business Media}
}
@online{felsner01,
    author={Stefan Felsner, Christine Puhl, Gesine Koch},
    title={Graphentheorie},
    year={2005},
    url={http://page.math.tu-berlin.de/~felsner/Lehre/GrTh05/Graphentheorie.pdf},
    urldate={13.11.2018}
}

@book{krumke2012graphentheoretische,
	title={Graphentheoretische Konzepte und Algorithmen},
	author={Krumke, S.O. and Noltemeier, H.},
	isbn={9783834822642},
	series={Leitf{\"a}den der Informatik},
	year={2012},
	publisher={Vieweg+Teubner Verlag}
}

@book{basicgraphtheory,
    title={Basic Graph Theory},
    author={Md. Saidur Rahman},
    year={2017},
    publisher={Springer International Publishing}
}

@book{knauer2015diskrete,
    title={Diskrete und algebraische Strukturen - kurz gefasst},
    author={Knauer, U. and Knauer, K.},
    year={2015},
    publisher={Springer Berlin Heidelberg}
}

@article{flockdb,
    author={Christopher Goebel},
    title={NoSQL - FlockDB},
    year={2015}
}